@techreport{CERN-LHCC-2014-016,
      title         = "{LHCb Trigger and Online Upgrade Technical Design Report}",
      number        = "CERN-LHCC-2014-016. LHCB-TDR-016",
      month         = "May",
      year          = "2014",
      reportNumber  = "CERN-LHCC-2014-016",
      url           = "https://cds.cern.ch/record/1701361",
}

@techreport{Collaboration:1624070,
	author        = "{LHCb Collaboration}",
	title         = "{LHCb VELO Upgrade Technical Design Report}",
	number        = "CERN-LHCC-2013-021. LHCB-TDR-013",
	month         = "Nov",
	year          = "2013",
	reportNumber  = "CERN-LHCC-2013-021",
	url           = "https://cds.cern.ch/record/1624070",
}

@article{Sjostrand:2007gs,
	author         = "Sjostrand, Torbjorn and Mrenna, Stephen and Skands, Peter
	Z.",
	title          = "{A Brief Introduction to PYTHIA 8.1}",
	journal        = "Comput. Phys. Commun.",
	volume         = "178",
	year           = "2008",
	pages          = "852-867",
	doi            = "10.1016/j.cpc.2008.01.036",
	eprint         = "0710.3820",
	archivePrefix  = "arXiv",
	primaryClass   = "hep-ph",
	reportNumber   = "CERN-LCGAPP-2007-04, LU-TP-07-28,
	FERMILAB-PUB-07-512-CD-T",
	SLACcitation   = "%%CITATION = ARXIV:0710.3820;%%"
}

@article{Sjostrand:2006za,
	author         = "Sjostrand, Torbjorn and Mrenna, Stephen and Skands, Peter
	Z.",
	title          = "{PYTHIA 6.4 Physics and Manual}",
	journal        = "JHEP",
	volume         = "05",
	year           = "2006",
	pages          = "026",
	doi            = "10.1088/1126-6708/2006/05/026",
	eprint         = "hep-ph/0603175",
	archivePrefix  = "arXiv",
	primaryClass   = "hep-ph",
	reportNumber   = "FERMILAB-PUB-06-052-CD-T, LU-TP-06-13",
	SLACcitation   = "%%CITATION = HEP-PH/0603175;%%"
}

@inproceedings{paszke2017automatic,
	title={Automatic Differentiation in {PyTorch}},
	author={Paszke, Adam and Gross, Sam and Chintala, Soumith and Chanan, Gregory and Yang, Edward and DeVito, Zachary and Lin, Zeming and Desmaison, Alban and Antiga, Luca and Lerer, Adam},
	booktitle={NIPS Autodiff Workshop},
	year={2017}
}

